@article{fklmn16,
	Author = {Bill Fefferman and Hirotada Kobayashi and Cedric Yen-Yu Lin and Tomoyuki Morimae and Harumichi Nishimura},
	Date-Added = {2016-03-30 17:17:38 +0000},
	Date-Modified = {2016-03-30 17:18:29 +0000},
	Title = {Space-Efficient Error Reduction for Unitary Quantum Computations},
	Year = {2016}}

@article{mw12,
	Author = {Dieter van Melkebeek and Thomas Watson},
	Date-Added = {2016-03-30 17:14:51 +0000},
	Date-Modified = {2016-03-30 17:16:00 +0000},
	Journal = {Theory of Computing},
	Pages = {1-51},
	Title = {Time-space efficient simulations of quantum computations},
	Volume = {8},
	Year = {2012}}

@book{ab09,
	Address = {New York, NY, USA},
	Author = {Sanjeev Arora and Boaz Barak},
	Date-Added = {2016-03-30 17:09:59 +0000},
	Date-Modified = {2016-03-30 17:13:49 +0000},
	Publisher = {Cambridge University Press},
	Title = {Computational Complexity: A Modern Approach},
	Year = {2009}}

@article{childs10,
 author = {Andrew Childs},
 title = {On the relationship between continuous- and discrete-time quantum walk},
 year = {2010},
 journal = {Communications in Mathematical Physics},
 volume = {294},
 pages = {581-603},
}
@book{nc00,
 author = {M. A. Nielsen and I. L. Chuang},
 title = {Quantum Information and Computation},
 year = {2000},
 publisher = {Cambridge University Press},
 address = {Cambridge, UK},
 }

@article{vc04,
  author    = {F. Verstraete and J. I. Cirac},
  title     = {Renormalization algorithms for Quantum-Many Body Systems in two and higher dimensions},
  year      = {2004},
  url       = {cond-mat/0407066},
}

@article{Watrous03,
  author    = {John Watrous},
  title     = {On the complexity of simulating space-bounded quantum computations},
  journal   = {Computational Complexity},
  volume    = {12},
  number    = {1},
  pages     = {48--84},
  year      = {2003},
}

@article{aaronson05,
   author = {Scott Aaronson},
   title = {Quantum computing, postselection, and probabilistic polynomial-time},
    journal = {Proceedings of the Royal Society A},
    volume = {461},
    number = {2063},
    pages = {3473-3482},
    year = {2005},
}

@article{bookatz14,
   author = {Adam D. Bookatz},
   title = {{QMA}-complete problems},
    journal = {Quantum Information {\&} Computation},
    volume = {14},
    number = {5{\&}6},
    pages = {0361-0383},
    year = {2014},
}

@article{swv07,
   author = {Norbert Schuch and Michael M. Wolf and Frank Verstraete and J. Ignacio Cirac},
   title = {Computational Complexity of Projected Entangled Pair States},
   journal = {Phys. Rev. Lett.},
    volume = {98},
    pages = {140506},
    year = {2007}, 
}

@article{kr03,
    author = {Julia Kempe and Oded Regev},
    title = {3-Local {H}amiltonian is {QMA}-complete},
    journal = {Quantum Information {\&} Computation},
    volume = {3},
    number = {3},
    pages = {258--264},
    year = {2003},
}

@book{ksv02,
 author = {Kitaev, A. Yu. and Shen, A. H. and Vyalyi, M. N.},
 title = {Classical and Quantum Computation},
 year = {2002},
 isbn = {0821832298},
 publisher = {American Mathematical Society},
 address = {Boston, MA, USA},
 }

@article{nwz11,
  author    = {Daniel Nagaj and
               Pawel Wocjan and
               Yong Zhang},
  title     = {Fast amplification of {QMA}},
  journal   = {Quantum Information {\&} Computation},
  volume    = {9},
  number    = {11},
  pages     = {1053--1068},
  year      = {2011},
  url       = {http://www.rintonpress.com/xxqic9/qic-9-1112/1053-1068.pdf},
  timestamp = {Wed, 17 Dec 2014 17:01:47 +0100},
  biburl    = {http://dblp.uni-trier.de/rec/bib/journals/qic/NagajWZ11},
  bibsource = {dblp computer science bibliography, http://dblp.org},
  Archiveprefix = {arXiv},
  Eprint = {0904.1549},
  Primaryclass = {quant-ph},
}
@article{mw05,
  author    = {Chris Marriott and
               John Watrous},
  title     = {Quantum {A}rthur-{M}erlin games},
  journal   = {Computational Complexity},
  volume    = {14},
  number    = {2},
  pages     = {122--152},
  year      = {2005},
  url       = {http://dx.doi.org/10.1007/s00037-005-0194-x},
  doi       = {10.1007/s00037-005-0194-x},
  timestamp = {Mon, 27 Nov 2006 12:10:44 +0100},
  biburl    = {http://dblp.uni-trier.de/rec/bib/journals/cc/MarriottW05},
  bibsource = {dblp computer science bibliography, http://dblp.org}
}
@article{Watrous99,
  author    = {John Watrous},
  title     = {Space-Bounded Quantum Complexity},
  journal   = {J. Comput. Syst. Sci.},
  volume    = {59},
  number    = {2},
  pages     = {281--326},
  year      = {1999},
  url       = {http://dx.doi.org/10.1006/jcss.1999.1655},
  doi       = {10.1006/jcss.1999.1655},
  timestamp = {Tue, 05 Jul 2011 11:11:15 +0200},
  biburl    = {http://dblp.uni-trier.de/rec/bib/journals/jcss/Watrous99},
  bibsource = {dblp computer science bibliography, http://dblp.org}
}
@article{GKP13,
title = "On the complexity of the multivariate resultant ",
journal = "Journal of Complexity ",
volume = "29",
number = "2",
pages = "142 - 157",
year = "2013",
note = "",
issn = "0885-064X",
doi = "http://dx.doi.org/10.1016/j.jco.2012.10.001",
url = "http://www.sciencedirect.com/science/article/pii/S0885064X12000830",
author = "Bruno Grenet and Pascal Koiran and Natacha Portier",
}
@article{bennett89,
 author = {Bennett, Charles H.},
 title = {Time/Space Trade-offs for Reversible Computation},
 journal = {SIAM J. Comput.},
 issue_date = {Aug. 1989},
 volume = {18},
 number = {4},
 month = aug,
 year = {1989},
 issn = {0097-5397},
 pages = {766--776},
 numpages = {11},
 url = {http://dx.doi.org/10.1137/0218053},
 doi = {10.1137/0218053},
 acmid = {73186},
 publisher = {Society for Industrial and Applied Mathematics},
 address = {Philadelphia, PA, USA},
} 
@article{lange00,
 author = {Lange, Klaus-J\"{o}rn and McKenzie, Pierre and Tapp, Alain},
 title = {Reversible Space Equals Deterministic Space},
 journal = {J. Comput. Syst. Sci.},
 issue_date = {April 2000},
 volume = {60},
 number = {2},
 month = apr,
 year = {2000},
 issn = {0022-0000},
 pages = {354--367},
 numpages = {14},
 url = {http://dx.doi.org/10.1006/jcss.1999.1672},
 doi = {10.1006/jcss.1999.1672},
 acmid = {343979},
 publisher = {Academic Press, Inc.},
 address = {Orlando, FL, USA},
} 
@inproceedings{berry14,
 author = {Berry, Dominic W. and Childs, Andrew M. and Cleve, Richard and Kothari, Robin and Somma, Rolando D.},
 title = {Exponential Improvement in Precision for Simulating Sparse Hamiltonians},
 booktitle = {Proceedings of the 46th Annual ACM Symposium on Theory of Computing},
 series = {STOC '14},
 year = {2014},
 isbn = {978-1-4503-2710-7},
 location = {New York, New York},
 pages = {283--292},
 numpages = {10},
 url = {http://doi.acm.org/10.1145/2591796.2591854},
 doi = {10.1145/2591796.2591854},
 acmid = {2591854},
 publisher = {ACM},
 address = {New York, NY, USA},
 keywords = {Hamiltonian simulation, quantum algorithms},
} 
@Article{berry15,
     author    ={Berry, Dominic W. and Childs, Andrew M. and Kothari, Robin},
     title     = {Hamiltonian simulation with nearly optimal dependence on all parameters},
     year      = {2015},
     url       = {quant-ph/1501.01715},
}
@ARTICLE{qpcpsurvey,
   author = {{Aharonov}, D. and {Arad}, I. and {Vidick}, T.},
    title = "{The Quantum PCP Conjecture}",
  journal = {ArXiv e-prints},
archivePrefix = "arXiv",
   eprint = {1309.7495},
 primaryClass = "quant-ph",
 keywords = {Quantum Physics, Computer Science - Computational Complexity},
     year = 2013,
    month = sep,
   adsurl = {http://adsabs.harvard.edu/abs/2013arXiv1309.7495A},
  adsnote = {Provided by the SAO/NASA Astrophysics Data System}
}
@article{dawsonnielsen,
  author    = {Christopher M. Dawson and
               Andrew P. Hines and
               Duncan Mortimer and
               Henry L. Haselgrove and
               Michael A. Nielsen and
               Tobias Osborne},
  title     = {Quantum computing and polynomial equations over the finite field {Z2}},
  journal   = {Quantum Information {\&} Computation},
  volume    = {5},
  number    = {2},
  pages     = {102--112},
  year      = {2005},
  url       = {http://portal.acm.org/citation.cfm?id=2011628},
  timestamp = {Tue, 20 Sep 2011 13:03:09 +0200},
  biburl    = {http://dblp.uni-trier.de/rec/bib/journals/qic/DawsonHMHNO05},
  bibsource = {dblp computer science bibliography, http://dblp.org}
}
@article{bbbv,
  author    = {Charles H. Bennett and
               Ethan Bernstein and
               Gilles Brassard and
               Umesh V. Vazirani},
  title     = {Strengths and Weaknesses of Quantum Computing},
  journal   = {{SIAM} J. Comput.},
  volume    = {26},
  number    = {5},
  pages     = {1510--1523},
  year      = {1997},
  url       = {http://dx.doi.org/10.1137/S0097539796300933},
  doi       = {10.1137/S0097539796300933},
  timestamp = {Mon, 12 Sep 2011 16:10:10 +0200},
  biburl    = {http://dblp.uni-trier.de/rec/bib/journals/siamcomp/BennettBBV97},
  bibsource = {dblp computer science bibliography, http://dblp.org}
}
@article{HHL,
  title={Quantum algorithm for linear systems of equations},
  author={Harrow, Aram W and Hassidim, Avinatan and Lloyd, Seth},
  journal={Physical review letters},
  volume={103},
  number={15},
  pages={150502},
  year={2009},
  publisher={APS}
}
@article{cook,
title = "A taxonomy of problems with fast parallel algorithms ",
journal = "Information and Control ",
volume = "64",
number = "1â€“3",
pages = "2 - 22",
year = "1985",
note = "International Conference on Foundations of Computation Theory ",
issn = "0019-9958",
doi = "http://dx.doi.org/10.1016/S0019-9958(85)80041-3",
url = "http://www.sciencedirect.com/science/article/pii/S0019995885800413",
author = "Stephen A. Cook"
}
@article{berkowitz,
  author    = {Stuart J. Berkowitz},
  title     = {On Computing the Determinant in Small Parallel Time Using a Small
               Number of Processors},
  journal   = {Inf. Process. Lett.},
  volume    = {18},
  number    = {3},
  pages     = {147--150},
  year      = {1984},
  url       = {http://dx.doi.org/10.1016/0020-0190(84)90018-8},
  doi       = {10.1016/0020-0190(84)90018-8},
  timestamp = {Thu, 07 Jul 2011 15:51:43 +0200},
  biburl    = {http://dblp.uni-trier.de/rec/bib/journals/ipl/Berkowitz84},
  bibsource = {dblp computer science bibliography, http://dblp.org}
}
@article{reif,
  author    = {John H. Reif},
  title     = {Logarithmic Depth Circuits for Algebraic Functions},
  journal   = {{SIAM} J. Comput.},
  volume    = {15},
  number    = {1},
  pages     = {231--242},
  year      = {1986},
  url       = {http://dx.doi.org/10.1137/0215017},
  doi       = {10.1137/0215017},
  timestamp = {Tue, 01 Feb 2011 14:01:35 +0100},
  biburl    = {http://dblp.uni-trier.de/rec/bib/journals/siamcomp/Reif86},
  bibsource = {dblp computer science bibliography, http://dblp.org}
}
@inproceedings{tashma,
  author    = {Amnon Ta{-}Shma},
  title     = {Inverting well conditioned matrices in quantum logspace},
  booktitle = {Symposium on Theory of Computing Conference, STOC'13, Palo Alto, CA,
               USA, June 1-4, 2013},
  pages     = {881--890},
  year      = {2013},
  crossref  = {DBLP:conf/stoc/2013},
  url       = {http://doi.acm.org/10.1145/2488608.2488720},
  doi       = {10.1145/2488608.2488720},
  timestamp = {Sun, 26 May 2013 10:49:33 +0200},
  biburl    = {http://dblp.uni-trier.de/rec/bib/conf/stoc/Ta-Shma13},
  bibsource = {dblp computer science bibliography, http://dblp.org}
}
@article{shi,
 author = {Shi, Yaoyun},
 title = {Both Toffoli and controlled-NOT Need Little Help to Do Universal Quantum Computing},
 journal = {Quantum Info. Comput.},
 issue_date = {January 2003},
 volume = {3},
 number = {1},
 month = jan,
 year = {2003},
 issn = {1533-7146},
 pages = {84--92},
 numpages = {9},
 url = {http://dl.acm.org/citation.cfm?id=2011508.2011515},
 acmid = {2011515},
 publisher = {Rinton Press, Incorporated},
 address = {Paramus, NJ},
 keywords = {controlled-NOT, quantum circuit, toffoli, universal basis, universal quantum computation},
} @proceedings{DBLP:conf/stoc/2013,
  editor    = {Dan Boneh and
               Tim Roughgarden and
               Joan Feigenbaum},
  title     = {Symposium on Theory of Computing Conference, STOC'13, Palo Alto, CA,
               USA, June 1-4, 2013},
  publisher = {{ACM}},
  year      = {2013},
  url       = {http://dl.acm.org/citation.cfm?id=2488608},
  isbn      = {978-1-4503-2029-0},
  timestamp = {Sun, 26 May 2013 10:30:47 +0200},
  biburl    = {http://dblp.uni-trier.de/rec/bib/conf/stoc/2013},
  bibsource = {dblp computer science bibliography, http://dblp.org}
}
@book{allenderwagner,
  title={Counting hierarchies: polynomial time and constant depth circuits},
  author={Allender, Eric W and Wagner, Klaus W},
  publisher={World Scientific}
}


