@article{aaronson05,
   author = {Scott Aaronson},
   title = {Quantum computing, postselection, and probabilistic polynomial-time},
    journal = {Proceedings of the Royal Society A},
    volume = {461},
    number = {2063},
    pages = {3473-3482},
    year = {2005},
}

@article{bookatz14,
   author = {Adam D. Bookatz},
   title = {{QMA}-complete problems},
    journal = {Quantum Information {\&} Computation},
    volume = {14},
    number = {5{\&}6},
    pages = {0361-0383},
    year = {2014},
}

@article{swv07,
   author = {Norbert Schuch and Michael M. Wolf and Frank Verstraete and J. Ignacio Cirac},
   title = {Computational Complexity of Projected Entangled Pair States},
   journal = {Phys. Rev. Lett.},
    volume = {98},
    pages = {140506},
    year = {2007}, 
}

@article{kr03,
    author = {Julia Kempe and Oded Regev},
    title = {3-Local {H}amiltonian is {QMA}-complete},
    journal = {Quantum Information {\&} Computation},
    volume = {3},
    number = {3},
    pages = {258--264},
    year = {2003},
}

@book{ksv02,
 author = {Kitaev, A. Yu. and Shen, A. H. and Vyalyi, M. N.},
 title = {Classical and Quantum Computation},
 year = {2002},
 isbn = {0821832298},
 publisher = {American Mathematical Society},
 address = {Boston, MA, USA},
 }

@article{nwz11,
  author    = {Daniel Nagaj and
               Pawel Wocjan and
               Yong Zhang},
  title     = {Fast amplification of {QMA}},
  journal   = {Quantum Information {\&} Computation},
  volume    = {9},
  number    = {11},
  pages     = {1053--1068},
  year      = {2011},
  url       = {http://www.rintonpress.com/xxqic9/qic-9-1112/1053-1068.pdf},
  timestamp = {Wed, 17 Dec 2014 17:01:47 +0100},
  biburl    = {http://dblp.uni-trier.de/rec/bib/journals/qic/NagajWZ11},
  bibsource = {dblp computer science bibliography, http://dblp.org},
  Archiveprefix = {arXiv},
  Eprint = {0904.1549},
  Primaryclass = {quant-ph},
}
@article{mw05,
  author    = {Chris Marriott and
               John Watrous},
  title     = {Quantum {A}rthur-{M}erlin games},
  journal   = {Computational Complexity},
  volume    = {14},
  number    = {2},
  pages     = {122--152},
  year      = {2005},
  url       = {http://dx.doi.org/10.1007/s00037-005-0194-x},
  doi       = {10.1007/s00037-005-0194-x},
  timestamp = {Mon, 27 Nov 2006 12:10:44 +0100},
  biburl    = {http://dblp.uni-trier.de/rec/bib/journals/cc/MarriottW05},
  bibsource = {dblp computer science bibliography, http://dblp.org}
}
@article{Watrous99,
  author    = {John Watrous},
  title     = {Space-Bounded Quantum Complexity},
  journal   = {J. Comput. Syst. Sci.},
  volume    = {59},
  number    = {2},
  pages     = {281--326},
  year      = {1999},
  url       = {http://dx.doi.org/10.1006/jcss.1999.1655},
  doi       = {10.1006/jcss.1999.1655},
  timestamp = {Tue, 05 Jul 2011 11:11:15 +0200},
  biburl    = {http://dblp.uni-trier.de/rec/bib/journals/jcss/Watrous99},
  bibsource = {dblp computer science bibliography, http://dblp.org}
}
@article{GKP13,
title = "On the complexity of the multivariate resultant ",
journal = "Journal of Complexity ",
volume = "29",
number = "2",
pages = "142 - 157",
year = "2013",
note = "",
issn = "0885-064X",
doi = "http://dx.doi.org/10.1016/j.jco.2012.10.001",
url = "http://www.sciencedirect.com/science/article/pii/S0885064X12000830",
author = "Bruno Grenet and Pascal Koiran and Natacha Portier",
}
@article{bennett89,
 author = {Bennett, Charles H.},
 title = {Time/Space Trade-offs for Reversible Computation},
 journal = {SIAM J. Comput.},
 issue_date = {Aug. 1989},
 volume = {18},
 number = {4},
 month = aug,
 year = {1989},
 issn = {0097-5397},
 pages = {766--776},
 numpages = {11},
 url = {http://dx.doi.org/10.1137/0218053},
 doi = {10.1137/0218053},
 acmid = {73186},
 publisher = {Society for Industrial and Applied Mathematics},
 address = {Philadelphia, PA, USA},
} 
@article{lange00,
 author = {Lange, Klaus-J\"{o}rn and McKenzie, Pierre and Tapp, Alain},
 title = {Reversible Space Equals Deterministic Space},
 journal = {J. Comput. Syst. Sci.},
 issue_date = {April 2000},
 volume = {60},
 number = {2},
 month = apr,
 year = {2000},
 issn = {0022-0000},
 pages = {354--367},
 numpages = {14},
 url = {http://dx.doi.org/10.1006/jcss.1999.1672},
 doi = {10.1006/jcss.1999.1672},
 acmid = {343979},
 publisher = {Academic Press, Inc.},
 address = {Orlando, FL, USA},
} 
@inproceedings{berry14,
 author = {Berry, Dominic W. and Childs, Andrew M. and Cleve, Richard and Kothari, Robin and Somma, Rolando D.},
 title = {Exponential Improvement in Precision for Simulating Sparse Hamiltonians},
 booktitle = {Proceedings of the 46th Annual ACM Symposium on Theory of Computing},
 series = {STOC '14},
 year = {2014},
 isbn = {978-1-4503-2710-7},
 location = {New York, New York},
 pages = {283--292},
 numpages = {10},
 url = {http://doi.acm.org/10.1145/2591796.2591854},
 doi = {10.1145/2591796.2591854},
 acmid = {2591854},
 publisher = {ACM},
 address = {New York, NY, USA},
 keywords = {Hamiltonian simulation, quantum algorithms},
} 
@Article{berry15,
     author    ={Berry, Dominic W. and Childs, Andrew M. and Kothari, Robin},
     title     = {Hamiltonian simulation with nearly optimal dependence on all parameters},
     year      = {2015},
     url       = {quant-ph/1501.01715},
}
@ARTICLE{qpcpsurvey,
   author = {{Aharonov}, D. and {Arad}, I. and {Vidick}, T.},
    title = "{The Quantum PCP Conjecture}",
  journal = {ArXiv e-prints},
archivePrefix = "arXiv",
   eprint = {1309.7495},
 primaryClass = "quant-ph",
 keywords = {Quantum Physics, Computer Science - Computational Complexity},
     year = 2013,
    month = sep,
   adsurl = {http://adsabs.harvard.edu/abs/2013arXiv1309.7495A},
  adsnote = {Provided by the SAO/NASA Astrophysics Data System}
}
@book{allenderwagner,
  title={Counting hierarchies: polynomial time and constant depth circuits},
  author={Allender, Eric W and Wagner, Klaus W},
  publisher={World Scientific}
}


